<?xml version="1.0" encoding="UTF-8"?>
<!DOCTYPE html PUBLIC "-//W3C//DTD XHTML 1.0 Transitional//EN"
    "http://www.w3.org/TR/xhtml1/DTD/xhtml1-transitional.dtd">
<html xmlns="http://www.w3.org/1999/xhtml" xml:lang="en" lang="en">
 <head>
  <title>
</title>
<meta http-equiv="Content-Type" content="text/html;charset=utf-8" />
  <meta name='ocr-system' content='tesseract 3.04.00' />
  <meta name='ocr-capabilities' content='ocr_page ocr_carea ocr_par ocr_line ocrx_word'/>
</head>
<body>
  <div class='ocr_page' id='page_1' title='image "4771425_0087.png"; bbox 0 0 1741 2746; ppageno 0'>
   <div class='ocr_carea' id='block_1_1' title="bbox 764 162 1069 209">
    <p class='ocr_par' dir='ltr' id='par_1_1' title="bbox 764 162 1069 209">
     <span class='ocr_line' id='line_1_1' title="bbox 764 162 1069 209; baseline -0.01 0"><span class='ocrx_word' id='word_1_1' title='bbox 764 162 1069 209; x_wconf 68' lang='grc' dir='ltr'><strong>-78-ι</strong></span> 
     </span>
    </p>
   </div>
   <div class='ocr_carea' id='block_1_2' title="bbox 248 259 1612 625">
    <p class='ocr_par' dir='ltr' id='par_1_2' title="bbox 249 259 1579 352">
     <span class='ocr_line' id='line_1_2' title="bbox 249 259 1579 352; baseline 0.002 -22"><span class='ocrx_word' id='word_1_2' title='bbox 249 259 407 330; x_wconf 52' lang='lat' dir='ltr'><strong>&amp;eticae</strong></span> <span class='ocrx_word' id='word_1_3' title='bbox 429 271 613 329; x_wconf 54' lang='lat' dir='ltr'><strong>amatim</strong></span> <span class='ocrx_word' id='word_1_4' title='bbox 633 299 855 352; x_wconf 65' lang='lat' dir='ltr'><strong>cognoscere</strong></span> <span class='ocrx_word' id='word_1_5' title='bbox 875 293 1089 342; x_wconf 77' lang='lat' dir='ltr'><strong>cupiamus,</strong></span> <span class='ocrx_word' id='word_1_6' title='bbox 1131 291 1354 344; x_wconf 73' lang='lat' dir='ltr'><strong>magnopere</strong></span> <span class='ocrx_word' id='word_1_7' title='bbox 1377 288 1579 333; x_wconf 61' lang='lat' dir='ltr'><strong>dolen&#39;ffl</strong></span> 
     </span>
    </p>

    <p class='ocr_par' dir='ltr' id='par_1_3' title="bbox 248 358 1612 625">
     <span class='ocr_line' id='line_1_3' title="bbox 307 358 1581 413; baseline 0.003 -15.174"><span class='ocrx_word' id='word_1_8' title='bbox 307 360 474 411; x_wconf 82' lang='lat' dir='ltr'><strong>,·quod</strong></span> <span class='ocrx_word' id='word_1_9' title='bbox 482 358 561 398; x_wconf 75' lang='lat' dir='ltr'><strong>tam</strong></span> <span class='ocrx_word' id='word_1_10' title='bbox 585 361 715 412; x_wconf 84' lang='lat' dir='ltr'><strong>exigua</strong></span> <span class='ocrx_word' id='word_1_11' title='bbox 727 361 793 399; x_wconf 83' lang='lat' dir='ltr'><strong>de</strong></span> <span class='ocrx_word' id='word_1_12' title='bbox 817 365 861 400; x_wconf 85' lang='lat' dir='ltr'><strong>ea&#39;</strong></span> <span class='ocrx_word' id='word_1_13' title='bbox 882 375 924 400; x_wconf 88' lang='lat' dir='ltr'><strong>re</strong></span> <span class='ocrx_word' id='word_1_14' title='bbox 948 363 1081 400; x_wconf 81' lang='lat' dir='ltr'><strong>notitia</strong></span> <span class='ocrx_word' id='word_1_15' title='bbox 1101 361 1209 401; x_wconf 79' lang='lat' dir='ltr'><strong>nobis</strong></span> <span class='ocrx_word' id='word_1_16' title='bbox 1230 369 1376 413; x_wconf 73' lang='lat' dir='ltr'><strong>servata</strong></span> <span class='ocrx_word' id='word_1_17' title='bbox 1401 369 1471 401; x_wconf 83' lang='lat' dir='ltr'><strong>est.</strong></span> <span class='ocrx_word' id='word_1_18' title='bbox 1494 362 1581 402; x_wconf 62' lang='grc' dir='ltr'><strong>Ἐκ</strong></span> 
     </span>
     <span class='ocr_line' id='line_1_4' title="bbox 249 411 1581 484; baseline 0.003 -17"><span class='ocrx_word' id='word_1_19' title='bbox 249 432 329 467; x_wconf 69' lang='lat' dir='ltr'><strong>tota</strong></span> <span class='ocrx_word' id='word_1_20' title='bbox 359 428 555 468; x_wconf 82' lang='lat' dir='ltr'><strong>nominum</strong></span> <span class='ocrx_word' id='word_1_21' title='bbox 583 438 620 469; x_wconf 87' lang='lat' dir='ltr'><strong>et</strong></span> <span class='ocrx_word' id='word_1_22' title='bbox 647 431 850 480; x_wconf 85' lang='lat' dir='ltr'><strong>verborum</strong></span> <span class='ocrx_word' id='word_1_23' title='bbox 883 417 1224 472; x_wconf 76' lang='lat' dir='ltr'><strong>tractatione&#39;nibil</strong></span> <span class='ocrx_word' id='word_1_24' title='bbox 1250 411 1479 484; x_wconf 76' lang='lat' dir='ltr'><strong>compertum</strong></span> <span class='ocrx_word' id='word_1_25' title='bbox 1509 433 1581 471; x_wconf 57' lang='lat' dir='ltr'><strong>hac·</strong></span> 
     </span>
     <span class='ocr_line' id='line_1_5' title="bbox 249 496 1583 558; baseline 0.003 -19"><span class='ocrx_word' id='word_1_26' title='bbox 249 496 381 539; x_wconf 83' lang='lat' dir='ltr'><strong>bemus</strong></span> <span class='ocrx_word' id='word_1_27' title='bbox 403 502 475 539; x_wconf 87' lang='lat' dir='ltr'><strong>nisi</strong></span> <span class='ocrx_word' id='word_1_28' title='bbox 502 503 745 553; x_wconf 78' lang='lat' dir='ltr'><strong>proprietates</strong></span> <span class='ocrx_word' id='word_1_29' title='bbox 769 502 947 558; x_wconf 75' lang='lat' dir='ltr'><strong>quasdam</strong></span> <span class='ocrx_word' id='word_1_30' title='bbox 960 531 973 553; x_wconf 93' lang='lat'>,</span> <span class='ocrx_word' id='word_1_31' title='bbox 1013 517 1174 555; x_wconf 84' lang='lat' dir='ltr'><strong>quarum</strong></span> <span class='ocrx_word' id='word_1_32' title='bbox 1202 507 1364 556; x_wconf 77' lang='lat' dir='ltr'>cognitio</span> <span class='ocrx_word' id='word_1_33' title='bbox 1398 503 1583 556; x_wconf 65' lang='lat' dir='ltr'><strong>cupidita*-</strong></span> 
     </span>
     <span class='ocr_line' id='line_1_6' title="bbox 248 557 1612 625; baseline 0.003 -16"><span class='ocrx_word' id='word_1_34' title='bbox 248 562 513 610; x_wconf 38' lang='lat' dir='ltr'><strong>tem‘nostmm</strong></span> <span class='ocrx_word' id='word_1_35' title='bbox 537 573 681 625; x_wconf 45' lang='lat' dir='ltr'><strong>sciendi*</strong></span> <span class='ocrx_word' id='word_1_36' title='bbox 703 576 819 624; x_wconf 82' lang='lat' dir='ltr'><strong>magis</strong></span> <span class='ocrx_word' id='word_1_37' title='bbox 846 576 992 611; x_wconf 82' lang='lat' dir='ltr'><strong>excitat.</strong></span> <span class='ocrx_word' id='word_1_38' title='bbox 1012 587 1125 625; x_wconf 85' lang='lat' dir='ltr'><strong>quam</strong></span> <span class='ocrx_word' id='word_1_39' title='bbox 1157 576 1290 625; x_wconf 87' lang='lat' dir='ltr'><strong>explet.</strong></span> <span class='ocrx_word' id='word_1_40' title='bbox 1341 575 1400 612; x_wconf 86' lang='lat' dir='ltr'><strong>De</strong></span> <span class='ocrx_word' id='word_1_41' title='bbox 1420 587 1583 617; x_wconf 74' lang='lat' dir='ltr'><strong>,casuum</strong></span> <span class='ocrx_word' id='word_1_42' title='bbox 1610 557 1612 561; x_wconf 29' lang='grc' dir='ltr'>Ι</span> 
     </span>
    </p>
   </div>
   <div class='ocr_carea' id='block_1_3' title="bbox 248 637 1693 694">
    <p class='ocr_par' dir='ltr' id='par_1_4' title="bbox 248 637 1693 694">
     <span class='ocr_line' id='line_1_7' title="bbox 248 637 1693 694; baseline 0.003 -14"><span class='ocrx_word' id='word_1_43' title='bbox 248 642 516 693; x_wconf 78' lang='lat' dir='ltr'><strong>significatione</strong></span> <span class='ocrx_word' id='word_1_44' title='bbox 550 637 738 694; x_wconf 79' lang='lat' dir='ltr'><strong>quomodo</strong></span> <span class='ocrx_word' id='word_1_45' title='bbox 773 644 886 682; x_wconf 73' lang='lat' dir='ltr'><strong>Stoici</strong></span> <span class='ocrx_word' id='word_1_46' title='bbox 914 645 963 682; x_wconf 88' lang='lat' dir='ltr'><strong>ab</strong></span> <span class='ocrx_word' id='word_1_47' title='bbox 986 645 1187 687; x_wconf 81' lang='lat' dir='ltr'><strong>Aristotele</strong></span> <span class='ocrx_word' id='word_1_48' title='bbox 1210 646 1464 693; x_wconf 75' lang='lat' dir='ltr'><strong>discesserint,</strong></span> <span class='ocrx_word' id='word_1_49' title='bbox 1506 647 1583 684; x_wconf 81' lang='lat' dir='ltr'><strong>iam</strong></span> <span class='ocrx_word' id='word_1_50' title='bbox 1608 685 1615 690; x_wconf 57' lang='grc'>,</span> <span class='ocrx_word' id='word_1_51' title='bbox 1679 647 1693 653; x_wconf 89' lang='grc'><em>“</em></span> 
     </span>
    </p>
   </div>
   <div class='ocr_carea' id='block_1_4' title="bbox 246 714 1588 1120">
    <p class='ocr_par' dir='ltr' id='par_1_5' title="bbox 246 714 1585 1120">
     <span class='ocr_line' id='line_1_8' title="bbox 248 714 1584 776; baseline 0.001 -25"><span class='ocrx_word' id='word_1_52' title='bbox 248 725 361 776; x_wconf 70' lang='lat' dir='ltr'><strong>supra</strong></span> <span class='ocrx_word' id='word_1_53' title='bbox 386 714 543 752; x_wconf 85' lang='lat' dir='ltr'><strong>diximus</strong></span> <span class='ocrx_word' id='word_1_54' title='bbox 572 728 613 765; x_wconf 88' lang='lat' dir='ltr'><strong>p.</strong></span> <span class='ocrx_word' id='word_1_55' title='bbox 635 714 699 753; x_wconf 86' lang='lat'><strong>51.</strong></span> <span class='ocrx_word' id='word_1_56' title='bbox 754 715 797 752; x_wconf 89' lang='lat' dir='ltr'><strong>In</strong></span> <span class='ocrx_word' id='word_1_57' title='bbox 823 714 893 751; x_wconf 86' lang='lat' dir='ltr'><strong>hac</strong></span> <span class='ocrx_word' id='word_1_58' title='bbox 930 728 1077 765; x_wconf 87' lang='lat' dir='ltr'><strong>quoque</strong></span> <span class='ocrx_word' id='word_1_59' title='bbox 1101 715 1361 767; x_wconf 82' lang='lat' dir='ltr'><strong>disceptatione</strong></span> <span class='ocrx_word' id='word_1_60' title='bbox 1389 715 1453 753; x_wconf 82' lang='lat' dir='ltr'><strong>illa</strong></span> <span class='ocrx_word' id='word_1_61' title='bbox 1484 716 1584 753; x_wconf 67' lang='lat' dir='ltr'><strong>Stoi·-</strong></span> 
     </span>
     <span class='ocr_line' id='line_1_9' title="bbox 249 784 1585 825; baseline 0.002 -3"><span class='ocrx_word' id='word_1_62' title='bbox 249 797 380 822; x_wconf 88' lang='lat' dir='ltr'><strong>corum</strong></span> <span class='ocrx_word' id='word_1_63' title='bbox 415 784 532 822; x_wconf 89' lang='lat' dir='ltr'><strong>libido</strong></span> <span class='ocrx_word' id='word_1_64' title='bbox 562 785 625 823; x_wconf 87' lang='lat' dir='ltr'><strong>vel</strong></span> <span class='ocrx_word' id='word_1_65' title='bbox 649 786 750 823; x_wconf 83' lang='lat' dir='ltr'><strong>nova</strong></span> <span class='ocrx_word' id='word_1_66' title='bbox 791 787 944 822; x_wconf 85' lang='lat' dir='ltr'><strong>nomina</strong></span> <span class='ocrx_word' id='word_1_67' title='bbox 975 786 1187 825; x_wconf 78' lang='lat' dir='ltr'><strong>inveniendi</strong></span> <span class='ocrx_word' id='word_1_68' title='bbox 1223 785 1311 825; x_wconf 81' lang='lat' dir='ltr'><strong>vel</strong></span> <span class='ocrx_word' id='word_1_69' title='bbox 1318 793 1445 825; x_wconf 79' lang='lat' dir='ltr'><strong>vetera</strong></span> <span class='ocrx_word' id='word_1_70' title='bbox 1482 797 1585 825; x_wconf 82' lang='lat' dir='ltr'><strong>novo</strong></span> 
     </span>
     <span class='ocr_line' id='line_1_10' title="bbox 248 855 1588 906; baseline 0.002 -14"><span class='ocrx_word' id='word_1_71' title='bbox 248 866 359 893; x_wconf 82' lang='lat' dir='ltr'><strong>sensu</strong></span> <span class='ocrx_word' id='word_1_72' title='bbox 386 855 589 906; x_wconf 86' lang='lat' dir='ltr'><strong>accipiendi</strong></span> <span class='ocrx_word' id='word_1_73' title='bbox 618 856 857 906; x_wconf 84' lang='lat' dir='ltr'><strong>conspicitur.</strong></span> <span class='ocrx_word' id='word_1_74' title='bbox 910 856 989 893; x_wconf 89' lang='lat' dir='ltr'><strong>Sed.</strong></span> <span class='ocrx_word' id='word_1_75' title='bbox 1017 856 1119 893; x_wconf 88' lang='lat' dir='ltr'><strong>haud</strong></span> <span class='ocrx_word' id='word_1_76' title='bbox 1144 856 1257 893; x_wconf 85' lang='lat' dir='ltr'><strong>dubie</strong></span> <span class='ocrx_word' id='word_1_77' title='bbox 1273 856 1346 894; x_wconf 89' lang='lat' dir='ltr'><strong>hoc</strong></span> <span class='ocrx_word' id='word_1_78' title='bbox 1371 856 1454 894; x_wconf 81' lang='lat' dir='ltr'><strong>loco</strong></span> <span class='ocrx_word' id='word_1_79' title='bbox 1479 855 1588 895; x_wconf 81' lang='lat' dir='ltr'><strong>erra-</strong></span> 
     </span>
     <span class='ocr_line' id='line_1_11' title="bbox 246 926 1585 982; baseline 0.002 -19"><span class='ocrx_word' id='word_1_80' title='bbox 246 931 360 976; x_wconf 81' lang='lat' dir='ltr'><strong>runt,</strong></span> <span class='ocrx_word' id='word_1_81' title='bbox 398 928 524 978; x_wconf 82' lang='lat' dir='ltr'><strong>quiin</strong></span> <span class='ocrx_word' id='word_1_82' title='bbox 551 927 742 978; x_wconf 86' lang='lat' dir='ltr'><strong>vulgarem</strong></span> <span class='ocrx_word' id='word_1_83' title='bbox 767 926 816 966; x_wconf 88' lang='lat' dir='ltr'><strong>et&#39;</strong></span> <span class='ocrx_word' id='word_1_84' title='bbox 831 926 1036 978; x_wconf 82' lang='lat' dir='ltr'><strong>simplicem</strong></span> <span class='ocrx_word' id='word_1_85' title='bbox 1065 940 1145 965; x_wconf 86' lang='lat' dir='ltr'><strong>rem</strong></span> <span class='ocrx_word' id='word_1_86' title='bbox 1169 926 1444 979; x_wconf 87' lang='lat' dir='ltr'><strong>philosophicas</strong></span> <span class='ocrx_word' id='word_1_87' title='bbox 1473 938 1585 982; x_wconf 52' lang='lat' dir='ltr'><strong>quasa</strong></span> 
     </span>
     <span class='ocr_line' id='line_1_12' title="bbox 246 981 1583 1048; baseline 0.001 -15"><span class='ocrx_word' id='word_1_88' title='bbox 246 995 336 1034; x_wconf 87' lang='lat' dir='ltr'><strong>dam</strong></span> <span class='ocrx_word' id='word_1_89' title='bbox 362 996 532 1034; x_wconf 70' lang='lat' dir='ltr'><strong>notionoe&#39;</strong></span> <span class='ocrx_word' id='word_1_90' title='bbox 552 987 832 1043; x_wconf 80' lang='lat' dir='ltr'><strong>transmlerint‚</strong></span> <span class='ocrx_word' id='word_1_91' title='bbox 849 993 853 997; x_wconf 78' lang='grc'><strong>’</strong></span> <span class='ocrx_word' id='word_1_92' title='bbox 872 1004 909 1048; x_wconf 79' lang='lat' dir='ltr'><strong>et</strong></span> <span class='ocrx_word' id='word_1_93' title='bbox 932 998 1206 1037; x_wconf 84' lang='lat' dir='ltr'><strong>nominativum</strong></span> <span class='ocrx_word' id='word_1_94' title='bbox 1237 1009 1397 1048; x_wconf 88' lang='lat' dir='ltr'><strong>quoque·</strong></span> <span class='ocrx_word' id='word_1_95' title='bbox 1413 999 1501 1035; x_wconf 75' lang='lat' dir='ltr'><strong>ideo</strong></span> <span class='ocrx_word' id='word_1_96' title='bbox 1520 981 1583 1036; x_wconf 66' lang='lat' dir='ltr'><strong>ca-</strong></span> 
     </span>
     <span class='ocr_line' id='line_1_13' title="bbox 251 1053 1585 1120; baseline 0.001 -15"><span class='ocrx_word' id='word_1_97' title='bbox 251 1079 334 1106; x_wconf 85' lang='lat' dir='ltr'><strong>sum</strong></span> <span class='ocrx_word' id='word_1_98' title='bbox 361 1080 439 1105; x_wconf 85' lang='lat' dir='ltr'><strong>esse</strong></span> <span class='ocrx_word' id='word_1_99' title='bbox 467 1067 627 1105; x_wconf 81' lang='lat' dir='ltr'><strong>dixerint</strong></span> <span class='ocrx_word' id='word_1_100' title='bbox 643 1094 655 1115; x_wconf 87' lang='lat'>‚</span> <span class='ocrx_word' id='word_1_101' title='bbox 681 1069 769 1119; x_wconf 86' lang='lat' dir='ltr'><strong>quia</strong></span> <span class='ocrx_word' id='word_1_102' title='bbox 798 1053 881 1104; x_wconf 86' lang='lat' dir='ltr'><strong>rei&#39;</strong></span> <span class='ocrx_word' id='word_1_103' title='bbox 886 1068 1008 1118; x_wconf 74' lang='lat' dir='ltr'><strong>imago.</strong></span> <span class='ocrx_word' id='word_1_104' title='bbox 1028 1080 1071 1104; x_wconf 87' lang='lat' dir='ltr'><strong>ex</strong></span> <span class='ocrx_word' id='word_1_105' title='bbox 1095 1061 1355 1117; x_wconf 66' lang='lat' dir='ltr'><strong>cogitatione</strong></span> <span class='ocrx_word' id='word_1_106' title='bbox 1344 1074 1383 1105; x_wconf 83' lang='grc' dir='ltr'><strong>ιιι</strong></span> <span class='ocrx_word' id='word_1_107' title='bbox 1416 1067 1585 1120; x_wconf 81' lang='lat' dir='ltr'><strong>linguam</strong></span> 
     </span>
    </p>
   </div>
   <div class='ocr_carea' id='block_1_5' title="bbox 248 1137 1691 1222">
    <p class='ocr_par' dir='ltr' id='par_1_6' title="bbox 248 1137 1691 1222">
     <span class='ocr_line' id='line_1_14' title="bbox 248 1137 1691 1222; baseline 0.001 -48"><span class='ocrx_word' id='word_1_108' title='bbox 248 1137 453 1176; x_wconf 88' lang='lat' dir='ltr'><strong>deciderit.</strong></span> <span class='ocrx_word' id='word_1_109' title='bbox 481 1140 641 1184; x_wconf 81' lang='lat' dir='ltr'><strong>rectius,</strong></span> <span class='ocrx_word' id='word_1_110' title='bbox 644 1145 792 1188; x_wconf 72' lang='lat' dir='ltr'><strong>puto,</strong></span> <span class='ocrx_word' id='word_1_111' title='bbox 812 1150 917 1179; x_wconf 76' lang='lat' dir='ltr'><strong>casus</strong></span> <span class='ocrx_word' id='word_1_112' title='bbox 943 1138 1194 1175; x_wconf 81' lang='lat' dir='ltr'><strong>denominatio</strong></span> <span class='ocrx_word' id='word_1_113' title='bbox 1223 1151 1246 1176; x_wconf 74' lang='lat' dir='ltr'><strong>a</strong></span> <span class='ocrx_word' id='word_1_114' title='bbox 1271 1145 1413 1176; x_wconf 80' lang='lat' dir='ltr'><strong>mutata</strong></span> <span class='ocrx_word' id='word_1_115' title='bbox 1437 1145 1473 1176; x_wconf 88' lang='lat' dir='ltr'><strong>et</strong></span> <span class='ocrx_word' id='word_1_116' title='bbox 1496 1151 1584 1222; x_wconf 78' lang='lat' dir='ltr'><strong>qua-</strong></span> <span class='ocrx_word' id='word_1_117' title='bbox 1631 1182 1635 1185; x_wconf 40' lang='lat'><em>,</em></span> <span class='ocrx_word' id='word_1_118' title='bbox 1687 1147 1691 1153; x_wconf 83' lang='lat'><strong>·</strong></span> 
     </span>
    </p>
   </div>
   <div class='ocr_carea' id='block_1_6' title="bbox 179 1208 1586 2399">
    <p class='ocr_par' dir='ltr' id='par_1_7' title="bbox 247 1208 981 1247">
     <span class='ocr_line' id='line_1_15' title="bbox 247 1208 981 1247; baseline 0.001 -2"><span class='ocrx_word' id='word_1_119' title='bbox 247 1209 278 1245; x_wconf 91' lang='lat' dir='ltr'><strong>si</strong></span> <span class='ocrx_word' id='word_1_120' title='bbox 308 1208 465 1246; x_wconf 72' lang='lat' dir='ltr'><strong>inii-acta</strong></span> <span class='ocrx_word' id='word_1_121' title='bbox 488 1210 750 1247; x_wconf 87' lang='lat' dir='ltr'><strong>terminatione</strong></span> <span class='ocrx_word' id='word_1_122' title='bbox 779 1209 981 1246; x_wconf 86' lang='lat' dir='ltr'><strong>derivatur.</strong></span> 
     </span>
    </p>

    <p class='ocr_par' dir='ltr' id='par_1_8' title="bbox 179 1276 1586 2399">
     <span class='ocr_line' id='line_1_16' title="bbox 319 1276 1586 1330; baseline 0 -13"><span class='ocrx_word' id='word_1_123' title='bbox 319 1278 560 1318; x_wconf 84' lang='lat' dir='ltr'><strong>Plurimum</strong></span> <span class='ocrx_word' id='word_1_124' title='bbox 595 1276 720 1317; x_wconf 82' lang='lat' dir='ltr'><strong>autem</strong></span> <span class='ocrx_word' id='word_1_125' title='bbox 746 1281 858 1317; x_wconf 81' lang='lat' dir='ltr'><strong>Sto&#39;ici</strong></span> <span class='ocrx_word' id='word_1_126' title='bbox 885 1283 925 1325; x_wconf 86' lang='grc' dir='ltr'><strong>ἰιι</strong></span> <span class='ocrx_word' id='word_1_127' title='bbox 942 1281 1066 1327; x_wconf 31' lang='lat' dir='ltr'><strong>,verbis</strong></span> <span class='ocrx_word' id='word_1_128' title='bbox 1091 1282 1232 1330; x_wconf 89' lang='lat' dir='ltr'><strong>proprii</strong></span> <span class='ocrx_word' id='word_1_129' title='bbox 1257 1279 1430 1326; x_wconf 81' lang='lat' dir='ltr'><strong>habui⁵se</strong></span> <span class='ocrx_word' id='word_1_130' title='bbox 1453 1281 1586 1318; x_wconf 70' lang='lat' dir='ltr'><strong>viden-</strong></span> 
     </span>
     <span class='ocr_line' id='line_1_17' title="bbox 247 1304 1583 1401; baseline -0.001 -13"><span class='ocrx_word' id='word_1_131' title='bbox 247 1304 340 1388; x_wconf 56' lang='lat' dir='ltr'><strong>tui-L:</strong></span> <span class='ocrx_word' id='word_1_132' title='bbox 370 1353 459 1389; x_wconf 80' lang='lat' dir='ltr'><strong>nam</strong></span> <span class='ocrx_word' id='word_1_133' title='bbox 485 1351 525 1388; x_wconf 81' lang='lat' dir='ltr'><strong>in</strong></span> <span class='ocrx_word' id='word_1_134' title='bbox 549 1350 608 1387; x_wconf 88' lang='lat' dir='ltr'><strong>his</strong></span> <span class='ocrx_word' id='word_1_135' title='bbox 633 1363 781 1401; x_wconf 78' lang='lat' dir='ltr'><strong>quoque</strong></span> <span class='ocrx_word' id='word_1_136' title='bbox 803 1351 956 1387; x_wconf 86' lang='lat' dir='ltr'><strong>nomina</strong></span> <span class='ocrx_word' id='word_1_137' title='bbox 981 1350 1324 1401; x_wconf 86' lang='lat' dir='ltr'><strong>circumspiciebant</strong></span> <span class='ocrx_word' id='word_1_138' title='bbox 1337 1378 1348 1399; x_wconf 87' lang='lat'>‚</span> <span class='ocrx_word' id='word_1_139' title='bbox 1385 1363 1481 1401; x_wconf 86' lang='lat' dir='ltr'><strong>quae</strong></span> <span class='ocrx_word' id='word_1_140' title='bbox 1516 1363 1583 1388; x_wconf 92' lang='lat' dir='ltr'><strong>cu-</strong></span> 
     </span>
     <span class='ocr_line' id='line_1_18' title="bbox 246 1422 1584 1473; baseline 0.001 -14"><span class='ocrx_word' id='word_1_141' title='bbox 246 1422 379 1473; x_wconf 78' lang='lat' dir='ltr'><strong>iusque</strong></span> <span class='ocrx_word' id='word_1_142' title='bbox 407 1423 584 1473; x_wconf 87' lang='lat' dir='ltr'><strong>temporis</strong></span> <span class='ocrx_word' id='word_1_143' title='bbox 615 1423 677 1461; x_wconf 83' lang='lat' dir='ltr'><strong>vel</strong></span> <span class='ocrx_word' id='word_1_144' title='bbox 698 1422 799 1460; x_wconf 88' lang='lat' dir='ltr'><strong>modi</strong></span> <span class='ocrx_word' id='word_1_145' title='bbox 824 1429 998 1460; x_wconf 84' lang='lat' dir='ltr'><strong>naturam</strong></span> <span class='ocrx_word' id='word_1_146' title='bbox 1030 1436 1142 1473; x_wconf 91' lang='lat' dir='ltr'><strong>quam</strong></span> <span class='ocrx_word' id='word_1_147' title='bbox 1167 1424 1440 1459; x_wconf 85' lang='lat' dir='ltr'><strong>accuratissime</strong></span> <span class='ocrx_word' id='word_1_148' title='bbox 1464 1423 1584 1472; x_wconf 59' lang='lat' dir='ltr'><strong>expri÷</strong></span> 
     </span>
     <span class='ocr_line' id='line_1_19' title="bbox 179 1480 1585 1544; baseline 0.001 -15"><span class='ocrx_word' id='word_1_149' title='bbox 179 1497 196 1533; x_wconf 81' lang='grc'><strong>,’</strong></span> <span class='ocrx_word' id='word_1_150' title='bbox 235 1480 406 1530; x_wconf 32' lang='grc' dir='ltr'><strong>ἰιιει-ειιῒ.</strong></span> <span class='ocrx_word' id='word_1_151' title='bbox 459 1492 586 1541; x_wconf 87' lang='lat' dir='ltr'><strong>Quare</strong></span> <span class='ocrx_word' id='word_1_152' title='bbox 607 1505 780 1544; x_wconf 84' lang='lat' dir='ltr'><strong>praesens</strong></span> <span class='ocrx_word' id='word_1_153' title='bbox 808 1500 955 1543; x_wconf 88' lang='lat' dir='ltr'><strong>tempus</strong></span> <span class='ocrx_word' id='word_1_154' title='bbox 982 1482 1035 1530; x_wconf 89' lang='lat' dir='ltr'><strong>illi</strong></span> <span class='ocrx_word' id='word_1_155' title='bbox 1058 1506 1135 1529; x_wconf 91' lang='lat' dir='ltr'><strong>non</strong></span> <span class='ocrx_word' id='word_1_156' title='bbox 1162 1499 1205 1529; x_wconf 89' lang='lat' dir='ltr'><strong>ut</strong></span> <span class='ocrx_word' id='word_1_157' title='bbox 1230 1493 1458 1543; x_wconf 84' lang='lat' dir='ltr'><strong>grammatici</strong></span> <span class='ocrx_word' id='word_1_158' title='bbox 1485 1505 1585 1543; x_wconf 82' lang='lat' dir='ltr'><strong>grae-</strong></span> 
     </span>
     <span class='ocr_line' id='line_1_20' title="bbox 247 1547 1583 1616; baseline 0 -16"><span class='ocrx_word' id='word_1_159' title='bbox 247 1563 282 1600; x_wconf 91' lang='lat' dir='ltr'><strong>ci</strong></span> <span class='ocrx_word' id='word_1_160' title='bbox 312 1559 380 1601; x_wconf 80' lang='grc' dir='ltr'><strong>τὸν</strong></span> <span class='ocrx_word' id='word_1_161' title='bbox 404 1547 592 1606; x_wconf 55' lang='grc' dir='ltr'><strong><em>ἕνεσιῶτα</em></strong></span> <span class='ocrx_word' id='word_1_162' title='bbox 615 1562 759 1615; x_wconf 80' lang='grc' dir='ltr'><em>χρόνον</em></span> <span class='ocrx_word' id='word_1_163' title='bbox 785 1550 957 1602; x_wconf 85' lang='lat' dir='ltr'><strong>dicebant</strong></span> <span class='ocrx_word' id='word_1_164' title='bbox 972 1593 982 1610; x_wconf 92' lang='lat'>‚</span> <span class='ocrx_word' id='word_1_165' title='bbox 1010 1564 1073 1601; x_wconf 89' lang='lat' dir='ltr'><strong>se&#39;d</strong></span> <span class='ocrx_word' id='word_1_166' title='bbox 1098 1565 1364 1616; x_wconf 71' lang='lat' dir='ltr'><strong>imperfectum,</strong></span> <span class='ocrx_word' id='word_1_167' title='bbox 1401 1560 1469 1600; x_wconf 79' lang='grc' dir='ltr'><strong>τὸν</strong></span> <span class='ocrx_word' id='word_1_168' title='bbox 1494 1564 1583 1615; x_wconf 61' lang='grc' dir='ltr'><em>(ἰτέ-</em></span> 
     </span>
     <span class='ocr_line' id='line_1_21' title="bbox 243 1626 1586 1686; baseline 0 -16"><span class='ocrx_word' id='word_1_169' title='bbox 243 1633 373 1682; x_wconf 79' lang='grc' dir='ltr'><strong>λειον,</strong></span> <span class='ocrx_word' id='word_1_170' title='bbox 399 1635 589 1672; x_wconf 85' lang='lat' dir='ltr'><strong>Prisciano</strong></span> <span class='ocrx_word' id='word_1_171' title='bbox 614 1626 707 1677; x_wconf 81' lang='lat' dir='ltr'><strong>teste</strong></span> <span class='ocrx_word' id='word_1_172' title='bbox 731 1637 839 1682; x_wconf 91' lang='lat' dir='ltr'>VIII,</span> <span class='ocrx_word' id='word_1_173' title='bbox 868 1650 907 1686; x_wconf 94' lang='lat' dir='ltr'><strong>p.</strong></span> <span class='ocrx_word' id='word_1_174' title='bbox 936 1634 1024 1672; x_wconf 76' lang='lat'><strong>813.</strong></span> <span class='ocrx_word' id='word_1_175' title='bbox 1057 1634 1118 1671; x_wconf 87' lang='lat' dir='ltr'><strong>ed.</strong></span> <span class='ocrx_word' id='word_1_176' title='bbox 1145 1635 1218 1671; x_wconf 80' lang='lat' dir='ltr'><strong>P.:</strong></span> <span class='ocrx_word' id='word_1_177' title='bbox 1260 1648 1324 1680; x_wconf 86' lang='lat' dir='ltr'><strong>eo,</strong></span> <span class='ocrx_word' id='word_1_178' title='bbox 1353 1634 1457 1685; x_wconf 84' lang='lat' dir='ltr'><strong>quod</strong></span> <span class='ocrx_word' id='word_1_179' title='bbox 1472 1635 1586 1686; x_wconf 80' lang='lat' dir='ltr'><strong>prior</strong></span> 
     </span>
     <span class='ocr_line' id='line_1_22' title="bbox 245 1698 1585 1763; baseline 0 -21"><span class='ocrx_word' id='word_1_180' title='bbox 245 1705 324 1742; x_wconf 78' lang='lat' dir='ltr'><strong>eius</strong></span> <span class='ocrx_word' id='word_1_181' title='bbox 339 1717 453 1756; x_wconf 79' lang='lat' dir='ltr'><strong>pars,</strong></span> <span class='ocrx_word' id='word_1_182' title='bbox 481 1719 575 1759; x_wconf 85' lang='lat' dir='ltr'><strong>quae</strong></span> <span class='ocrx_word' id='word_1_183' title='bbox 595 1701 808 1759; x_wconf 82' lang='lat' dir='ltr'><strong>praeteriit,</strong></span> <span class='ocrx_word' id='word_1_184' title='bbox 836 1698 1127 1763; x_wconf 29' lang='lat' dir='ltr'><strong>-trjansacta‘esss</strong></span> <span class='ocrx_word' id='word_1_185' title='bbox 1169 1705 1270 1743; x_wconf 78' lang='lat' dir='ltr'><strong>deest</strong></span> <span class='ocrx_word' id='word_1_186' title='bbox 1292 1704 1413 1742; x_wconf 76' lang='lat' dir='ltr'><strong>aute&#39;m</strong></span> <span class='ocrx_word' id='word_1_187' title='bbox 1437 1718 1585 1756; x_wconf 77' lang='lat' dir='ltr'><strong>sequens</strong></span> 
     </span>
     <span class='ocr_line' id='line_1_23' title="bbox 245 1774 1584 1828; baseline -0.001 -15"><span class='ocrx_word' id='word_1_188' title='bbox 245 1776 276 1813; x_wconf 85' lang='grc' dir='ltr'><strong>ἰ.</strong></span> <span class='ocrx_word' id='word_1_189' title='bbox 299 1789 333 1813; x_wconf 85' lang='lat' dir='ltr'><strong>e.</strong></span> <span class='ocrx_word' id='word_1_190' title='bbox 338 1777 492 1825; x_wconf 57' lang='lat' dir='ltr'><strong>flatura.</strong></span> <span class='ocrx_word' id='word_1_191' title='bbox 544 1778 690 1814; x_wconf 89' lang='lat' dir='ltr'><strong>Deinde</strong></span> <span class='ocrx_word' id='word_1_192' title='bbox 713 1778 974 1828; x_wconf 84' lang='lat' dir='ltr'><strong>imperfectum</strong></span> <span class='ocrx_word' id='word_1_193' title='bbox 1000 1784 1168 1817; x_wconf 83' lang='lat' dir='ltr'><strong>nostrum</strong></span> <span class='ocrx_word' id='word_1_194' title='bbox 1184 1804 1195 1824; x_wconf 88' lang='lat'>,</span> <span class='ocrx_word' id='word_1_195' title='bbox 1222 1776 1323 1826; x_wconf 86' lang='lat' dir='ltr'><strong>quod</strong></span> <span class='ocrx_word' id='word_1_196' title='bbox 1352 1774 1452 1825; x_wconf 84' lang='lat' dir='ltr'><strong>apud</strong></span> <span class='ocrx_word' id='word_1_197' title='bbox 1478 1787 1584 1825; x_wconf 87' lang='lat' dir='ltr'><strong>grae-</strong></span> 
     </span>
     <span class='ocr_line' id='line_1_24' title="bbox 245 1835 1581 1898; baseline 0 -16"><span class='ocrx_word' id='word_1_198' title='bbox 245 1857 309 1882; x_wconf 85' lang='lat' dir='ltr'><strong>cos</strong></span> <span class='ocrx_word' id='word_1_199' title='bbox 330 1844 600 1896; x_wconf 80' lang='grc' dir='ltr'><strong>παρατατικός</strong></span> <span class='ocrx_word' id='word_1_200' title='bbox 630 1846 771 1898; x_wconf 83' lang='grc' dir='ltr'><strong><em>χρόνος</em></strong></span> <span class='ocrx_word' id='word_1_201' title='bbox 812 1848 1042 1894; x_wconf 86' lang='lat' dir='ltr'><strong>vocabatur,</strong></span> <span class='ocrx_word' id='word_1_202' title='bbox 1076 1835 1190 1883; x_wconf 78' lang='lat' dir='ltr'><strong>Stoici</strong></span> <span class='ocrx_word' id='word_1_203' title='bbox 1214 1846 1360 1883; x_wconf 78' lang='grc' dir='ltr'><strong>τέλειον</strong></span> <span class='ocrx_word' id='word_1_204' title='bbox 1387 1845 1581 1883; x_wconf 73' lang='grc' dir='ltr'><strong><em>ἐνεστῶτα</em></strong></span> 
     </span>
     <span class='ocr_line' id='line_1_25' title="bbox 246 1904 1583 1969; baseline -0.001 -15"><span class='ocrx_word' id='word_1_205' title='bbox 246 1916 290 1954; x_wconf 85' lang='lat' dir='ltr'><strong>h.</strong></span> <span class='ocrx_word' id='word_1_206' title='bbox 314 1930 348 1954; x_wconf 88' lang='lat' dir='ltr'><strong>e.</strong></span> <span class='ocrx_word' id='word_1_207' title='bbox 378 1930 553 1968; x_wconf 83' lang='lat' dir='ltr'><strong>praesens</strong></span> <span class='ocrx_word' id='word_1_208' title='bbox 577 1918 786 1968; x_wconf 84' lang='lat' dir='ltr'><strong>perfectum</strong></span> <span class='ocrx_word' id='word_1_209' title='bbox 811 1905 1059 1969; x_wconf 87' lang='lat' dir='ltr'><strong>appellabant.</strong></span> <span class='ocrx_word' id='word_1_210' title='bbox 1091 1918 1208 1954; x_wconf 85' lang='lat' dir='ltr'><strong>Prisc.</strong></span> <span class='ocrx_word' id='word_1_211' title='bbox 1226 1930 1264 1967; x_wconf 91' lang='lat' dir='ltr'><strong>p.</strong></span> <span class='ocrx_word' id='word_1_212' title='bbox 1287 1915 1376 1965; x_wconf 77' lang='grc'><strong>814.</strong></span> <span class='ocrx_word' id='word_1_213' title='bbox 1427 1904 1583 1953; x_wconf 80' lang='lat' dir='ltr'><strong>Utrum-</strong></span> 
     </span>
     <span class='ocr_line' id='line_1_26' title="bbox 245 1988 1584 2040; baseline -0.002 -15"><span class='ocrx_word' id='word_1_214' title='bbox 245 2001 319 2038; x_wconf 87' lang='lat' dir='ltr'><strong>que</strong></span> <span class='ocrx_word' id='word_1_215' title='bbox 341 1988 444 2025; x_wconf 87' lang='lat' dir='ltr'><strong>haud</strong></span> <span class='ocrx_word' id='word_1_216' title='bbox 473 1989 587 2036; x_wconf 84' lang='lat' dir='ltr'><strong>dubie</strong></span> <span class='ocrx_word' id='word_1_217' title='bbox 610 2002 737 2026; x_wconf 88' lang='lat' dir='ltr'><strong>veram</strong></span> <span class='ocrx_word' id='word_1_218' title='bbox 759 1988 908 2040; x_wconf 85' lang='lat' dir='ltr'><strong>linguae</strong></span> <span class='ocrx_word' id='word_1_219' title='bbox 934 1988 1231 2026; x_wconf 84' lang='lat' dir='ltr'><strong>observationem</strong></span> <span class='ocrx_word' id='word_1_220' title='bbox 1252 1988 1439 2025; x_wconf 90' lang='lat' dir='ltr'><strong>continet.</strong></span> <span class='ocrx_word' id='word_1_221' title='bbox 1468 1988 1584 2024; x_wconf 89' lang='lat' dir='ltr'><strong>omni-</strong></span> 
     </span>
     <span class='ocr_line' id='line_1_27' title="bbox 243 2058 1584 2110; baseline -0.002 -14"><span class='ocrx_word' id='word_1_222' title='bbox 243 2071 296 2097; x_wconf 81' lang='lat' dir='ltr'><strong>no</strong></span> <span class='ocrx_word' id='word_1_223' title='bbox 321 2060 420 2096; x_wconf 88' lang='lat' dir='ltr'><strong>enim</strong></span> <span class='ocrx_word' id='word_1_224' title='bbox 441 2058 627 2096; x_wconf 71' lang='lat' dir='ltr'><strong>actio&#39;illa</strong></span> <span class='ocrx_word' id='word_1_225' title='bbox 640 2086 651 2107; x_wconf 93' lang='lat'>,</span> <span class='ocrx_word' id='word_1_226' title='bbox 678 2073 792 2110; x_wconf 83' lang='lat' dir='ltr'><strong>quam</strong></span> <span class='ocrx_word' id='word_1_227' title='bbox 813 2060 995 2110; x_wconf 88' lang='lat' dir='ltr'><strong>praesenti</strong></span> <span class='ocrx_word' id='word_1_228' title='bbox 1017 2065 1145 2096; x_wconf 87' lang='lat' dir='ltr'><strong>nostro</strong></span> <span class='ocrx_word' id='word_1_229' title='bbox 1169 2058 1393 2095; x_wconf 84' lang='lat' dir='ltr'><strong>includimus</strong></span> <span class='ocrx_word' id='word_1_230' title='bbox 1409 2084 1422 2105; x_wconf 86' lang='lat'>‚</span> <span class='ocrx_word' id='word_1_231' title='bbox 1464 2070 1584 2107; x_wconf 88' lang='lat' dir='ltr'><strong>quum</strong></span> 
     </span>
     <span class='ocr_line' id='line_1_28' title="bbox 244 2128 1582 2182; baseline -0.002 -15"><span class='ocrx_word' id='word_1_232' title='bbox 244 2131 403 2168; x_wconf 86' lang='lat' dir='ltr'><strong>maxime</strong></span> <span class='ocrx_word' id='word_1_233' title='bbox 429 2131 618 2182; x_wconf 84' lang='lat' dir='ltr'><strong>peragitur</strong></span> <span class='ocrx_word' id='word_1_234' title='bbox 647 2131 805 2181; x_wconf 82' lang='lat' dir='ltr'><strong>ideoque</strong></span> <span class='ocrx_word' id='word_1_235' title='bbox 829 2131 1045 2180; x_wconf 88' lang='lat' dir='ltr'><strong>imperfecta</strong></span> <span class='ocrx_word' id='word_1_236' title='bbox 1076 2137 1153 2167; x_wconf 84' lang='lat' dir='ltr'><strong>est:</strong></span> <span class='ocrx_word' id='word_1_237' title='bbox 1182 2136 1312 2167; x_wconf 87' lang='lat' dir='ltr'><strong>contra</strong></span> <span class='ocrx_word' id='word_1_238' title='bbox 1340 2128 1555 2178; x_wconf 81' lang='lat' dir='ltr'><strong>imperfecto</strong></span> <span class='ocrx_word' id='word_1_239' title='bbox 1569 2154 1582 2176; x_wconf 86' lang='lat'><em>‚</em></span> 
     </span>
     <span class='ocr_line' id='line_1_29' title="bbox 242 2190 1583 2254; baseline -0.003 -16"><span class='ocrx_word' id='word_1_240' title='bbox 242 2214 321 2254; x_wconf 89' lang='lat' dir='ltr'><strong>quo</strong></span> <span class='ocrx_word' id='word_1_241' title='bbox 350 2199 463 2239; x_wconf 90' lang='lat' dir='ltr'><strong>modo</strong></span> <span class='ocrx_word' id='word_1_242' title='bbox 498 2214 568 2240; x_wconf 87' lang='lat' dir='ltr'><strong>nos</strong></span> <span class='ocrx_word' id='word_1_243' title='bbox 591 2199 744 2253; x_wconf 64' lang='lat' dir='ltr'><strong>aliquid&#39;</strong></span> <span class='ocrx_word' id='word_1_244' title='bbox 766 2190 948 2253; x_wconf 84' lang='lat' dir='ltr'><strong>peregisse</strong></span> <span class='ocrx_word' id='word_1_245' title='bbox 966 2201 1187 2250; x_wconf 87' lang='lat' dir='ltr'><strong>indicamus,</strong></span> <span class='ocrx_word' id='word_1_246' title='bbox 1203 2212 1334 2238; x_wconf 81' lang='lat' dir='ltr'><strong>revera</strong></span> <span class='ocrx_word' id='word_1_247' title='bbox 1354 2203 1583 2250; x_wconf 86' lang='lat' dir='ltr'><strong>praesentem</strong></span> 
     </span>
     <span class='ocr_line' id='line_1_30' title="bbox 225 2264 1582 2326; baseline -0.005 -13"><span class='ocrx_word' id='word_1_248' title='bbox 225 2281 383 2320; x_wconf 77' lang='lat' dir='ltr'><strong>,statum</strong></span> <span class='ocrx_word' id='word_1_249' title='bbox 409 2264 677 2326; x_wconf 54' lang='lat' dir='ltr'><strong>{desen-ibimus.</strong></span> <span class='ocrx_word' id='word_1_250' title='bbox 729 2274 803 2311; x_wconf 93' lang='lat' dir='ltr'><strong>Sed</strong></span> <span class='ocrx_word' id='word_1_251' title='bbox 840 2267 888 2311; x_wconf 73' lang='lat' dir='ltr'><strong>ad</strong></span> <span class='ocrx_word' id='word_1_252' title='bbox 919 2286 1154 2311; x_wconf 89' lang='lat' dir='ltr'><strong>communem</strong></span> <span class='ocrx_word' id='word_1_253' title='bbox 1189 2274 1298 2310; x_wconf 79' lang='lat' dir='ltr'><strong>usum</strong></span> <span class='ocrx_word' id='word_1_254' title='bbox 1330 2271 1422 2308; x_wconf 85' lang='lat' dir='ltr'><strong>haec</strong></span> <span class='ocrx_word' id='word_1_255' title='bbox 1443 2270 1553 2307; x_wconf 56' lang='lat' dir='ltr'><strong>ratio</strong></span> <span class='ocrx_word' id='word_1_256' title='bbox 1568 2296 1582 2318; x_wconf 90' lang='lat'>‚</span> 
     </span>
     <span class='ocr_line' id='line_1_31' title="bbox 243 2340 1583 2399; baseline -0.005 -14"><span class='ocrx_word' id='word_1_257' title='bbox 243 2359 341 2399; x_wconf 87' lang='lat' dir='ltr'><strong>quae</strong></span> <span class='ocrx_word' id='word_1_258' title='bbox 371 2346 465 2387; x_wconf 75' lang='lat' dir='ltr'><strong>raris</strong></span> <span class='ocrx_word' id='word_1_259' title='bbox 493 2352 530 2385; x_wconf 83' lang='lat' dir='ltr'><strong>et</strong></span> <span class='ocrx_word' id='word_1_260' title='bbox 560 2346 745 2385; x_wconf 84' lang='lat' dir='ltr'><strong>inusitatis</strong></span> <span class='ocrx_word' id='word_1_261' title='bbox 779 2344 992 2383; x_wconf 75' lang='lat' dir='ltr'><strong>nominibus</strong></span> <span class='ocrx_word' id='word_1_262' title='bbox 1018 2344 1066 2382; x_wconf 80' lang='lat' dir='ltr'><strong>ad</strong></span> <span class='ocrx_word' id='word_1_263' title='bbox 1090 2349 1198 2382; x_wconf 83' lang='lat' dir='ltr'><strong>notas</strong></span> <span class='ocrx_word' id='word_1_264' title='bbox 1235 2355 1295 2382; x_wconf 82' lang='lat' dir='ltr'><strong>res</strong></span> <span class='ocrx_word' id='word_1_265' title='bbox 1329 2340 1583 2394; x_wconf 78' lang='lat' dir='ltr'><strong>exprimendas</strong></span> 
     </span>
    </p>
   </div>
  </div>
 </body>
</html>
