1741 2746
1244 1 1270 17 «ri

745 150 825 205 ⁸—
875 155 947 217 Ἡ
997 165 1072 205 ’έ-

234 298 420 352 Dionysii
440 300 489 345 de
505 301 639 351 Comp.
661 271 804 339 Veibl).
825 316 861 340 c.
883 301 941 339 16.
961 316 999 353 p
1019 301 1102 353 196.
1131 274 1193 353 εδ.
1205 285 1387 338 δώεέίῖ·
1412 295 1468 337 τᾶ
1490 290 1587 350 apd,-

235 370 362 409 tiara
380 367 484 418 νέμω
511 384 565 415 ως
594 368 736 423 πρώτω
766 370 833 409 τόν
856 368 954 423 ὑπὲρ
978 371 1231 423 ἐτυμολογίας
1256 369 1448 418 stod‘yom
1465 360 1585 418 λόγόν

247 434 434 479 Πλάτωνι
458 441 512 500 τῷ
543 442 780 493 Σωκρατικῷ
816 441 991 495 πρλλαχῇ
1027 442 1103 489 μὲν
1127 439 1197 479 και
1228 436 1390 496 andei,
1414 434 1584 488 μάλιστα

244 511 279 549 δ’
301 510 345 549 ἐν
373 510 427 564 τῷ
455 505 668 564 Κρατυλῲ.
728 512 801 548 Sed
836 511 946 563 longe
979 512 1090 549 aliam
1114 513 1374 562 grammaticae
1407 511 1581 547 naturam

237 582 421 637 spectavit
446 583 520 619 Dio
536 577 845 666 Chrysostomus‚
880 584 945 633 qui
973 590 1066 622 orat.
1097 582 1157 621 53.
1177 582 1310 619 diserte
1333 582 1447 633 dicit:
1467 571 1601 662 ἱἈρι-γ

230 655 440 713 στστέλης,
491 647 563 705 ἀφ’
601 646 650 690 ου
682 667 783 704 φασι
824 650 893 704 τὴν
927 651 1113 704 κοιτικήν
1135 666 1177 690 τε
1209 666 1275 691 και
1311 647 1580 704 γραμματικην

228 719 369 777 ’ἇρχῆν
395 728 540 775 λαβεῖν.
594 727 733 778 Aperte
778 724 877 765 en'im
905 723 966 765 hic
999 729 1129 766 aetatis·
1158 741 1247 765 suae
1286 726 1431 764 dicendi
1468 739 1602 777 usum⁴

239 806 417 850 sequutus
447 799 720 850 diligentiorem
752 802 946 850 poetarum
973 795 1268 851 explanationem
1302 806 1339 837 et
1362 784 1579 836 ’accuratius

225 863 419 907 ⁴iudiciuin
455 864 504 907 ab
536 864 737 907 Aristotele
764 872 915 908 initium
950 873 1088 921 cepisse
1127 871 1259 909 voluit.
1314 871 1393 908 Nos
1419 878 1543 908 autem
1560 897 1573 919 ‚

236 954 356 995 quum
378 940 527 992 linguae
547 935 720 979 scientiae
741 942 846 979 initia
868 937 1115 993 quaeramus,
1144 942 1222 993 ipsa
1253 942 1307 979 rei
1332 928 1467 978 natura
1489 953 1574 991 spe·

235 1020 321 1049 rar‘e
359 1018 485 1057 vetat,
510 1020 648 1048 nomen
683 1014 889 1049 inventoris
930 1011 1086 1049 alicuius
1123 1012 1335 1062 explorari
1335 1027 1450 1062 posse.
1499 1012 1572 1049 Vix

184 1069 188 1073 .
221 1075 337 1121 ‘enim
375 1081 454 1120 ulla
486 1082 559 1119 alia
601 1095 661 1120 ars
693 1096 736 1119 ex
768 1089 845 1119 tam
884 1082 1054 1120 obscuris
1075 1083 1264 1133 principiis
1291 1069 1373 1137 qrta
1399 1090 1477 1120 tam
1496 1081 1572 1120 leni

221 1139 433 1205 >progressu
454 1142 563 1190 aucta
588 1161 656 1190 est.
709 1155 811 1201 Quin
828 1156 938 1197 etiam
965 1154 1059 1190 illud
1077 1154 1239 1191 dubitari
1259 1157 1392 1205 possit,
1423 1155 1571 1190 cuinam

209 1225 336 1276 ·gen'ti
381 1226 543 1275 primam
578 1226 657 1261 eius
693 1224 880 1261 culturam
922 1227 1146 1275 assignemus
1163 1253 1173 1270 ,
1223 1238 1349 1262 annon
1375 1225 1486 1262 ¹forte
1526 1219 1569 1261 ex

232 1297 391 1334 Oriente
409 1297 457 1332 ad
475 1289 636 1332 Graecos
654 1297 907 1345 antiquissima
927 1298 1166 1346 grammatica
1181 1296 1383 1333 transierit.
1434 1296 1571 1344 Quam-

229 1368 343 1418 quam
371 1348 464 1406 haec
488 1367 674 1403 dubitatio
707 1381 784 1404 non
814 1367 878 1403 diu
904 1366 1072 1405 obtinere
1090 1374 1238 1417 potest;
1265 1367 1337 1403 hoc
1364 1368 1463 1403 enim
1487 1380 1568 1404 cer-

229 1440 370 1475 tissime
400 1452 470 1475 nos
518 1439 835 1474 demonstraturos
888 1452 964 1475 esse
997 1439 1236 1484 confidimus,
1280 1445 1397 1475 totam
1438 1437 1540 1475 illam
1554 1466 1566 1486 ,

227 1523 303 1560 qua
319 1509 431 1546 hodie
454 1511 599 1545 utimur
615 1536 626 1557 ,
663 1509 811 1558 linguae
839 1511 1019 1545 rationem
1039 1516 1075 1546 et
1100 1510 1381 1559 descriptionem
1407 1523 1428 1546 a
1446 1511 1565 1547 Grae-

230 1583 283 1618 cis
325 1595 403 1618 esse
432 1582 692 1630 excogitatam,
718 1588 754 1616 et
779 1581 827 1616 ab
857 1581 986 1617 iisdem
1006 1581 1186 1631 paulatim
1213 1581 1261 1617 ad
1290 1582 1402 1624 finem
1429 1580 1566 1631 perdu-

223 1647 348 1689 ctam:
379 1653 433 1688 ita
460 1658 503 1688 ut
531 1651 783 1688 nobilissimae
807 1652 894 1705 liuic
919 1659 1065 1700 terrae,
1093 1666 1206 1702 quam
1237 1654 1394 1702 quisque
1421 1651 1566 1689 liberali

223 1725 373 1774 ingenio
416 1724 606 1774 praeditus
643 1737 721 1760 non
767 1725 846 1760 sine
881 1724 1071 1774 voluptate
1102 1713 1283 1773 ⁴quada‘m
1324 1723 1566 1761 humanitatis

221 1802 372 1832 nostrae
398 1802 554 1832 matrem
572 1801 773 1832 veneratur
790 1823 801 1842 ‚
835 1795 947 1831 etiam
978 1795 1075 1831 hanc
1101 1789 1288 1831 humanae
1322 1794 1563 1831 institutionis

220 1874 366 1916 partem
394 1873 582 1915 acceptam
614 1867 828 1905 referamus.
890 1867 963 1902 Sed
998 1867 1152 1902 Graecia
1180 1866 1321 1902 iamdiu
1356 1873 1578 1902 ceterarum·

221 1921 358 1973 artium
388 1936 498 1973 laude
519 1936 718 1983 floruerat,
747 1937 964 1986 priusquam
983 1950 1073 1974 usus
1100 1943 1137 1973 et
1164 1936 1359 1973 necessitas
1373 1934 1421 1972 ad
1439 1948 1562 1985 gram-

221 2011 396 2069 maticam
430 2008 668 2044 excolendam
705 2008 903 2044 hominum
935 2009 1083 2057 ingenia
1121 2008 1286 2044 adduxit.
1338 2008 1419 2044 Hoc
1455 2013 1560 2055 erat,

206 2070 265 2116 'ut
290 2067 461 2139 omnium
491 2078 713 2115 iuvenilium
748 2079 914 2128 gentium
934 2105 945 2125 ,
979 2078 1031 2115 sic
1066 2079 1224 2114 maxime
1254 2079 1512 2115 Graecorum'
1501 2091 1562 2128 in-

220 2151 297 2187 doli
337 2152 553 2201 Ρτοριίιιιιι,
598 2157 641 2186 ut
685 2150 733 2186 ad
786 2157 976 2187 externam
1012 2151 1181 2187 omnium
1228 2163 1353 2186 rerum
1401 2149 1561 2199 speciem

217 2224 322 2273 prius
349 2229 386 2259 et
406 2223 593 2263 attentius¹
612 2228 920 2272 converterentur
937 2250 947 2266 ,
977 2234 1090 2272 quam
1122 2221 1305 2258 internam
1335 2234 1465 2258 earum
1490 2232 1560 2256 na·-

217 2304 343 2332 tinam
370 2294 629 2344 explorarent3
658 2302 700 2331 ut
723 2308 858 2331 unlvel
858 2308 936 2331 sam
962 2295 1080 2332 vitam
1107 2296 1243 2344 apertis
1265 2276 1381 2331 oculis
1406 2299 1444 2330 et
1461 2282 1559 2330 sanis
1618 2333 1624 2346 Ι

218 2365 387 2403 sensibus
420 2364 706 2430 contemplatam
737 2366 861 2413 potius
894 2366 1032 2415 ingenii
1065 2366 1124 2401 sui
1157 2365 1286 2400 formis
1318 2371 1354 2400 et
1383 2362 1558 2413 operibus

217 2438 412 2488 implerent
428 2465 438 2483 ‚
465 2451 577 2485 quam
611 2444 773 2473 mentem
801 2451 906 2474 suam
933 2439 972 2474 in
1010 2437 1120 2474 rebus
1156 2436 1374 2486 indagandis
1408 2435 1558 2473 immer-
