1741 2746
642 98 941 147 —11—

128 229 384 289 Peripatetici,
407 232 599 286 Charetis‚
626 233 805 270 Demetrii
830 232 984 289 Chlori,
1013 231 1240 282 Asclepiadis
1255 233 1455 285 Myrleani,

128 300 292 353 aliorum
324 301 459 366 placita
486 302 543 339 de
584 304 811 363 grammatici
851 310 984 341 natura
1017 302 1118 353 apud
1154 303 1305 339 Sextum
1341 303 1455 353 Emp.

126 374 166 420 p.
205 372 292 409 231.
321 386 405 435 sqq.
434 376 661 424 cognoscere
676 374 776 411 licet.
830 376 1002 421 Quorum
1027 374 1259 411 definitiones
1283 372 1456 424 quamvis

125 443 230 478 varie
264 442 362 481 inter
386 456 425 480 se
452 443 659 494 discrepent
678 473 688 490 ‚
734 446 774 481 in
800 445 972 481 omnibus
995 450 1120 481 tamen
1144 444 1216 481 hae
1232 451 1307 480 tres
1330 456 1455 494 gram-

123 514 294 565 maticae·
313 521 438 563 partes
469 528 583 564 appa1
584 522 668 566 ent·
715 510 758 552 τὸ
788 511 987 563 τεχνικόν,
1014 515 1052 552 in
1086 528 1161 565 quo
1186 510 1334 565 linguae
1357 515 1455 551 ratio

124 576 327 623 docebatur
341 612 352 633 ,
391 581 434 622 τὸ
454 581 650 641 ζστορικόιν
666 613 677 633 ,
713 586 753 622 in
778 599 853 636 quo
879 587 1006 623 rerum
1040 593 1077 623 et
1100 586 1295 637 hominum
1319 584 1453 622 notitia

123 657 340 695 tradebatur
356 685 367 705 ,
405 663 442 694 et
481 642 533 694 τὸΔ
559 655 768 706 ἷδιαίτερον
787 684 797 704 ,
835 658 913 698 sive
950 658 1189 708 grammatica
1219 658 1368 708 proprie
1399 656 1452 691 sic

124 727 223 765 dicta
236 755 247 775 ,
268 741 364 778 quae
387 728 727 795 interpretationem
744 729 965 777 scriptorum
982 735 1018 764 et
1043 729 1235 770 iudiciuin.
1244 727 1449 764 exercebat.

102 800 225 847 ‘Haec
253 806 309 861 est
335 799 463 835 eadem
489 791 748 849 giammaticae
772 799 983 838 distributio
1001 826 1013 846 ,
1038 811 1151 849 quam
1176 785 1306 835 Cicero
1331 798 1450 833 Grae·

123 882 255 907 corum
269 884 373 907 more
400 867 590 920 proposuit
605 870 651 907 de
667 870 777 907 Orat.
802 870 834 917 Ι,
863 869 938 919 42:
967 871 1103 907 Omnia
1114 871 1225 919 fire,
1252 882 1345 921 quae
1369 875 1452 904 sunt

120 943 288 978 conclusa
312 955 406 978 nunc
429 942 589 987 artibus,
617 942 781 992 dispersa
808 951 844 979 et
864 935 1041 994 dissipata
1064 942 1249 993 quondam
1258 941 1418 989 suet-unt
1430 966 1453 985 ,.

119 1020 163 1055 ut,
189 1014 234 1065 in
260 1013 505 1062 grammaticis
533 1014 729 1064 poetarum
755 1015 924 1053 'tractatio
937 1041 948 1061 ,
991 1015 1221 1062 historiarum
1259 1013 1412 1062 cognitio
1430 1037 1443 1056 ,

118 1084 309 1120 verborum
333 1086 600 1134 interpretatio,
629 1084 895 1134 pronuntiandi
916 1085 1065 1135 quidam
1089 1098 1193 1121 sonus
1209 1101 1221 1120 .·
1258 1070 1346 1120 nam
1373 1083 1446 1119 lin-

119 1167 213 1208 guae
235 1155 427 1191 scientiam
451 1156 491 1190 in
519 1154 611 1191 duas
628 1160 751 1204 partes
766 1154 915 1201 divisit,
941 1154 1142 1191 verborum
1167 1154 1446 1204 explicationem

119 1231 157 1261 et
179 1226 532 1274 pronuntiationem.
586 1220 643 1262 'Et
680 1226 780 1262 hunc
816 1226 968 1275 quidem
995 1226 1176 1262 ambitum
1208 1226 1448 1275 grammatica

119 1309 180 1333 ars
205 1309 272 1346 per
295 1303 413 1333 totam
432 1279 695 1345 antiquitatem>
708 1297 890 1333 retinebat
906 1324 917 1344 ‚
948 1298 1000 1333 ita
1026 1304 1151 1333 tamen
1164 1324 1175 1343 ‚
1195 1279 1239 1332 ut
1261 1296 1325 1332 illa
1339 1309 1442 1345 pars,

118 1381 213 1418 quae
247 1369 295 1405 ad
329 1368 494 1419 linguam
524 1371 744 1418 pertineret,
774 1370 885 1405 etiam
905 1383 937 1408 ,a
973 1368 1171 1405 serioribus
1204 1367 1445 1418 scriptoribus

117 1440 350 1489 potissimum
368 1441 626 1489 grammaticae
649 1441 798 1476 nomine
818 1440 1087 1490 appellaretur:
1110 1439 1227 1476 veluti
1243 1440 1445 1488 Dionysius

118 1510 451 1560 Halicarnassensis
466 1539 476 1557 ‚
524 1512 589 1561 qui
635 1511 693 1547 bis
729 1510 923 1548 simillimis
954 1511 1044 1547 locis
1073 1511 1333 1560 grammaticae
1364 1516 1443 1546 stu-

116 1581 220 1618 dium
234 1609 245 1630 ,
272 1581 379 1632 quale
402 1569 515 1632 ipsius
541 1588 659 1618 aetate
687 1583 725 1618 in
746 1595 817 1618 usu
842 1589 920 1618 erat
933 1579 951 1629 ‚'
972 1582 1168 1628 describit,
1196 1581 1307 1617 huius
1334 1580 1445 1617 disci-

114 1653 239 1704 plinae
273 1668 509 1705 progressum
539 1654 626 1690 inde
650 1668 672 1690 a
693 1655 821 1703 primis
841 1643 1030 1691 elementis
1053 1653 1234 1690 discendis
1254 1665 1371 1702 usque
1394 1651 1443 1688 ad

115 1726 315 1775 perfectam
338 1725 533 1762 lectionem
558 1726 794 1774 persequitur
808 1724 856 1773 *).
911 1724 1135 1761 Plutarchus
1159 1737 1306 1773 quoque
1325 1736 1442 1773 angu-

154 1922 183 1966 *)
227 1922 365 1964 Dionys.
397 1923 470 1954 Hal.
495 1923 536 1955 de
559 1922 731 1954 Demosth.
764 1927 887 1964 praest:
908 1933 938 1964 p.
968 1924 1047 1955 1115
1071 1922 1122 1953 ed.
1146 1921 1257 1952 Reisk.
1281 1934 1289 1952 ε
1313 1931 1441 1959 ταυτην

238 1984 300 2025 τὴν
322 1984 574 2029 γραμματικὴν
592 1985 678 2018 ὅταν
696 1986 933 2030 ἐκμάθωμεν,
956 1986 1098 2028 πρῶτον
1118 1985 1184 2028 μὲν
1212 1983 1253 2017 τοὶ
1271 1982 1442 2029 ὀνόματα

235 2051 305 2082 τιῦν
329 2053 514 2091 στοιχείων
536 2051 595 2089 τῆς
619 2051 740 2093 φωνῆς
762 2049 1050 2093 ἀναλαμβάνομεν
1061 2073 1072 2088 ,
1108 2048 1132 2079 εἳ
1153 2050 1307 2081 καλεῖται
1330 2047 1446 2092 γράμ-

235 2124 329 2157 ματα
346 2137 355 2152 ,
378 2113 499 2146 ἔπειτα
526 2112 658 2148 τύπους
681 2111 849 2148 &affluar
871 2114 930 2144 καὶ
952 2111 1141 2156 δυνάμεις,
1171 2110 1257 2144 ὅταν
1279 2111 1317 2144 δὲ
1337 2111 1447 2143 ταῦτα

206 2176 427 2221 ,’μα’θωμεν,
458 2177 534 2209 τότε
556 2172 620 2212 τ’ὰς
646 2170 817 2219 συλλαβὰς
843 2175 959 2209 αιῖτῶν
981 2178 1041 2208 καὶ
1062 2169 1104 2208 ‘toi
1132 2178 1214 2220 περὶ
1240 2177 1348 2208 ταῦτα
1370 2174 1444 2207 πά-

182 2284 186 2286 ·
233 2243 303 2280 θη,
319 2226 321 2228 ,
338 2240 571 2285 κρατήσαντες
620 2240 659 2273 δὲ
680 2241 817 2274 τούτων
844 2240 888 2273 ταὶ
913 2241 977 2273 1υῦ
1003 2241 1112 2282 λόγου
1133 2240 1266 2283 μόρια,
1288 2238 1443 2281 ὀνόματα

235 2306 327 2347 λέγω
349 2306 410 2336 καὶ
441 2304 579 2349 ρήματα
607 2306 667 2337 καὶ
693 2304 913 2350 συνδέσμους
941 2306 1001 2337 καὶ
1034 2316 1074 2336 τα
1099 2302 1369 2351 συμβεβηκότα
1360 2301 1441 2334 τού-

239 2379 329 2408 τοις,
353 2368 540 2408 συστολάς,
563 2368 743 2408 ἐκτάσεις,
770 2365 955 2408 ὀξύτητας,
975 2368 1183 2411 βαρύτητας,
1207 2368 1314 2411 γένη,
1348 2365 1441 2397 πτώ-
